<record><leader>00000cas a22000007a 4500</leader><controlfield tag="001">13846097</controlfield><controlfield tag="008">860710d18801920iauwr ne      0    0eng d</controlfield><controlfield tag="009">5005</controlfield><datafield ind1=" " ind2=" " tag="010"><subfield code="a">sn 86077048 </subfield></datafield><datafield ind1=" " ind2=" " tag="040"><subfield code="a">NPA</subfield><subfield code="b">eng</subfield><subfield code="c">NPA</subfield><subfield code="d">INP</subfield><subfield code="d">OCLCQ</subfield></datafield><datafield ind1=" " ind2=" " tag="042"><subfield code="a">msc</subfield></datafield><datafield ind1="0" ind2=" " tag="130"><subfield code="a">Salem weekly news (Salem, Iowa : 1880)</subfield></datafield><datafield ind1="1" ind2="0" tag="245"><subfield code="a">Salem weekly news.</subfield></datafield><datafield ind1="1" ind2="3" tag="246"><subfield code="a">Salem news</subfield><subfield code="f">&lt;Aug. 16, 1884&gt;-Jan. 22, 1920</subfield></datafield><datafield ind1=" " ind2=" " tag="260"><subfield code="a">Salem, Henry County, Iowa :</subfield><subfield code="b">J.H. Armstrong,</subfield><subfield code="c">1880-1920.</subfield></datafield><datafield ind1=" " ind2=" " tag="300"><subfield code="a">v. :</subfield><subfield code="b">ill. ;</subfield><subfield code="c">50 cm.</subfield></datafield><datafield ind1=" " ind2=" " tag="310"><subfield code="a">Weekly</subfield></datafield><datafield ind1="0" ind2=" " tag="362"><subfield code="a">Vol. 1, no. 1 (Sept. 4, 1880)-Dec. 23, 1920.</subfield></datafield><datafield ind1=" " ind2=" " tag="500"><subfield code="a">Publisher varies.</subfield></datafield><datafield ind1=" " ind2=" " tag="515"><subfield code="a">Numbered within the year &lt;June 23, 1910&gt;-Dec. 23, 1920.</subfield></datafield><datafield ind1=" " ind2=" " tag="525"><subfield code="a">Includes occasional supplements.</subfield></datafield><datafield ind1=" " ind2=" " tag="752"><subfield code="a">United States</subfield><subfield code="b">Iowa</subfield><subfield code="c">Henry</subfield><subfield code="d">Salem.</subfield></datafield><datafield ind1="0" ind2="0" tag="785"><subfield code="t">Salem news (Salem, Iowa : 1920)</subfield><subfield code="w">(DLC)sn 86060171</subfield></datafield></record>